{
  "leader": "02190cam a22004571i 4500",
  "fields": [
    {
      "001": "ocm01893073\\"
    },
    {
      "003": "OCoLC"
    },
    {
      "005": "20220630133625.0"
    },
    {
      "008": "751212s1938\\\\\\\\nyu\\\\\\\\\\\\\\\\\\\\\\001\\0\\eng\\\\"
    },
    {
      "010": {
        "ind1": "\\",
        "ind2": "\\",
        "subfields": [
          {
            "a": "   38028682 "
          }
        ]
      }
    },
    {
      "040": {
        "ind1": "\\",
        "ind2": "\\",
        "subfields": [
          {
            "a": "DLC"
          },
          {
            "b": "eng"
          },
          {
            "c": "DLC"
          },
          {
            "d": "YOM"
          },
          {
            "d": "MUQ"
          },
          {
            "d": "STF"
          },
          {
            "d": "UBY"
          },
          {
            "d": "UKMGB"
          },
          {
            "d": "OCLCF"
          },
          {
            "d": "NYG"
          },
          {
            "d": "NJR"
          },
          {
            "d": "NLM"
          },
          {
            "d": "GZM"
          },
          {
            "d": "OCLCO"
          },
          {
            "d": "OCLCA"
          },
          {
            "d": "UAB"
          },
          {
            "d": "OCLCQ"
          },
          {
            "d": "OCLCO"
          }
        ]
      }
    },
    {
      "016": {
        "ind1": "7",
        "ind2": "\\",
        "subfields": [
          {
            "a": "30011320R"
          },
          {
            "2": "DNLM"
          }
        ]
      }
    },
    {
      "016": {
        "ind1": "7",
        "ind2": "\\",
        "subfields": [
          {
            "a": "003952404"
          },
          {
            "2": "Uk"
          }
        ]
      }
    },
    {
      "019": {
        "ind1": "\\",
        "ind2": "\\",
        "subfields": [
          {
            "a": "5968204"
          },
          {
            "a": "314525879"
          },
          {
            "a": "1197898706"
          },
          {
            "a": "1265554693"
          }
        ]
      }
    },
    {
      "035": {
        "ind1": "\\",
        "ind2": "\\",
        "subfields": [
          {
            "a": "(OCoLC)1893073"
          },
          {
            "z": "(OCoLC)5968204"
          },
          {
            "z": "(OCoLC)314525879"
          },
          {
            "z": "(OCoLC)1197898706"
          },
          {
            "z": "(OCoLC)1265554693"
          }
        ]
      }
    },
    {
      "042": {
        "ind1": "\\",
        "ind2": "\\",
        "subfields": [
          {
            "a": "premarc"
          }
        ]
      }
    },
    {
      "043": {
        "ind1": "\\",
        "ind2": "\\",
        "subfields": [
          {
            "a": "n-us-ny"
          }
        ]
      }
    },
    {
      "050": {
        "ind1": "0",
        "ind2": "0",
        "subfields": [
          {
            "a": "LB3409.U6"
          },
          {
            "b": "N78"
          }
        ]
      }
    },
    {
      "060": {
        "ind1": "0",
        "ind2": "0",
        "subfields": [
          {
            "a": "WA 350"
          },
          {
            "b": "W778s 1938"
          }
        ]
      }
    },
    {
      "082": {
        "ind1": "0",
        "ind2": "4",
        "subfields": [
          {
            "a": "371.709747"
          },
          {
            "b": "WIN"
          }
        ]
      }
    },
    {
      "100": {
        "ind1": "1",
        "ind2": "\\",
        "subfields": [
          {
            "a": "Winslow, C.-E. A."
          },
          {
            "q": "(Charles-Edward Amory),"
          },
          {
            "d": "1877-1957."
          }
        ]
      }
    },
    {
      "245": {
        "ind1": "1",
        "ind2": "4",
        "subfields": [
          {
            "a": "The School health program /"
          },
          {
            "c": "by C.-E A. Winslow."
          }
        ]
      }
    },
    {
      "260": {
        "ind1": "\\",
        "ind2": "\\",
        "subfields": [
          {
            "a": "New York ;"
          },
          {
            "a": "London :"
          },
          {
            "b": "The Regents' Inquiry :"
          },
          {
            "b": "The McGraw-Hill Book Company, Inc.,"
          },
          {
            "c": "1938."
          }
        ]
      }
    },
    {
      "300": {
        "ind1": "\\",
        "ind2": "\\",
        "subfields": [
          {
            "a": "xiii, 120 pages ;"
          },
          {
            "c": "23 cm"
          }
        ]
      }
    },
    {
      "336": {
        "ind1": "\\",
        "ind2": "\\",
        "subfields": [
          {
            "a": "text"
          },
          {
            "b": "txt"
          },
          {
            "2": "rdacontent"
          }
        ]
      }
    },
    {
      "337": {
        "ind1": "\\",
        "ind2": "\\",
        "subfields": [
          {
            "a": "unmediated"
          },
          {
            "b": "n"
          },
          {
            "2": "rdamedia"
          }
        ]
      }
    },
    {
      "338": {
        "ind1": "\\",
        "ind2": "\\",
        "subfields": [
          {
            "a": "volume"
          },
          {
            "b": "nc"
          },
          {
            "2": "rdacarrier"
          }
        ]
      }
    },
    {
      "340": {
        "ind1": "\\",
        "ind2": "\\",
        "subfields": [
          {
            "m": "8vo."
          },
          {
            "2": "rdabf"
          }
        ]
      }
    },
    {
      "490": {
        "ind1": "1",
        "ind2": "\\",
        "subfields": [
          {
            "a": "New York (State) University. Regents' inquiry into the character and cost of public education in the state of New York. Publications. Studies"
          }
        ]
      }
    },
    {
      "583": {
        "ind1": "1",
        "ind2": "\\",
        "subfields": [
          {
            "a": "committed to retain"
          },
          {
            "c": "20170930"
          },
          {
            "d": "20421231"
          },
          {
            "f": "HathiTrust"
          },
          {
            "u": "https://www.hathitrust.org/shared_print_program"
          },
          {
            "5": "AEU"
          },
          {
            "z": "HathiTrust Shared Print commitment 2017"
          }
        ]
      }
    },
    {
      "650": {
        "ind1": "\\",
        "ind2": "0",
        "subfields": [
          {
            "a": "School hygiene"
          },
          {
            "z": "New York (State)"
          }
        ]
      }
    },
    {
      "650": {
        "ind1": "\\",
        "ind2": "0",
        "subfields": [
          {
            "a": "School health services."
          }
        ]
      }
    },
    {
      "650": {
        "ind1": "\\",
        "ind2": "2",
        "subfields": [
          {
            "a": "School Health Services"
          }
        ]
      }
    },
    {
      "650": {
        "ind1": "\\",
        "ind2": "7",
        "subfields": [
          {
            "a": "School hygiene."
          },
          {
            "2": "fast"
          },
          {
            "0": "(OCoLC)fst01107450"
          }
        ]
      }
    },
    {
      "651": {
        "ind1": "\\",
        "ind2": "7",
        "subfields": [
          {
            "a": "New York (State)"
          },
          {
            "2": "fast"
          },
          {
            "0": "(OCoLC)fst01210280"
          }
        ]
      }
    },
    {
      "776": {
        "ind1": "0",
        "ind2": "8",
        "subfields": [
          {
            "i": "Online version:"
          },
          {
            "a": "Winslow, C.-E.A. (Charles-Edward Amory), 1877-1957."
          },
          {
            "t": "School health program."
          },
          {
            "d": "New York, London, Regents' Inquiry, the McGraw-Hill Book Co., 1938"
          },
          {
            "w": "(OCoLC)580922704"
          }
        ]
      }
    },
    {
      "830": {
        "ind1": "\\",
        "ind2": "0",
        "subfields": [
          {
            "a": "Publications (University of the State of New York. Regents' Inquiry into the Character and Cost of Public Education in the State of New York)."
          },
          {
            "p": "Studies."
          }
        ]
      }
    },
    {
      "856": {
        "ind1": "4",
        "ind2": "1",
        "subfields": [
          {
            "u": "http://purl.nysed.gov/nysl/1893073"
          }
        ]
      }
    },
    {
      "994": {
        "ind1": "\\",
        "ind2": "\\",
        "subfields": [
          {
            "a": "Z0"
          },
          {
            "b": "NYRVC"
          }
        ]
      }
    },
    {
      "948": {
        "ind1": "\\",
        "ind2": "\\",
        "subfields": [
          {
            "h": "NO HOLDINGS IN NYRVC - 174 OTHER HOLDINGS"
          }
        ]
      }
    },
    {
      "999": {
        "ind1": "\\",
        "ind2": "\\",
        "subfields": [
          {
            "a": "00000000019962"
          }
        ]
      }
    }
  ]
}